6132 8176
2003 926 1478 259 Lo cheual par laresne tint

1969 1171 1533 218 Sa fame alancontre liuĩt

2023 1342 1431 211 Au descendre li tint lest̾e

2023 1519 1431 204 Li ch̾rs. la fiert delpie

2030 1703 1617 204 Qi ml̾t iert f̾s de grant men̾e

2023 1880 1581 252 Traiez uos tost fait il arriere

2025 2066 1472 223 Q' sachie bĩe nest mie droy

2025 2257 1277 223 Qi na si bõ ch̾r. tochoiz

2030 2405 1301 252 Con ie sui ne si alose

2037 2629 1308 198 Il na si p̾u ne si osse

2050 2779 1486 218 En tot ur̃e lignage aumaĩt

2057 2950 1356 197 Ne sui mie truãz uilaĩs

2050 3093 1438 225 Aĩz ai lox de cheualerie

2037 3256 1417 225 La dame fu tote esbaie

2009 3440 1445 191 Qant el uit sõ escu ꝑcie

2037 3604 1451 204 ⁊ frait lo fust de son espie

2050 3747 1527 211 Selonc ce qͥl li fait acroire

2037 3917 1410 184 Ne set q̃ dire ne q̃ croire

2044 4074 1355 204 Ne set el mõt q̃ ele face

2023 4244 1295 198 Q̃ li ch̾rs. la menace

2030 4378 1508 218 Q̃ u̾ lui uaut ne q̃l ni toche

2037 4558 1512 218 La dame tĩt close la boche

2057 4748 1520 184 Onq̃s un mot ne respondi

2050 4871 1390 232 Q̃ uos diroie ensin serui

2044 5048 1423 225 Li ch̾rs . deceste guille

2037 5239 1540 225 ⁊ tenoit la dame ml̾t uile

2057 5437 1465 231 ⁊ despisoit tot sõ lignage

2044 5600 1505 232 Dõ nele nel tenoit a sage

2057 5786 1372 227 .i. ior fu cil do bois uenuz

3774 960 1152 218 Li ch̾rs. ⁊ ses escuz

3788 1144 1172 239 Fu estroiez ⁊ depeciez

3747 1353 1503 209 Mais il nert cassez ne bleciez

3760 1530 1486 205 Ne ses haub̾z na poĩt de mal

3760 1721 1431 209 ⁊ uit tot haitie sõ cheual

3724 1912 1445 195 Qi nest lassez ne recre⟦a⟧uz

3767 2105 1411 191 Nest pas de la dame creuz

3760 2275 1424 191 A cele foiz li cheualiers

3760 2439 1608 225 OR dit qͥl a mort ses g̾rriers

3740 2643 1410 191 ⁊ ses enemis cõfonduz

3788 2766 1260 245 ⁊ aforce pͥs ⁊ panduz

3760 2943 1465 225 Bien set la dame ⁊ aꝑcoit

3742 3138 1281 200 Q̃ ꝑ sa borde la decoit

3726 3331 1377 184 ⁊ panse sil i ua iamais

3747 3461 1335 197 El bois q̃ ele ira ap̾s

3788 3597 1267 225 ⁊ si u̾rra qanqͥl fera

3767 3767 1404 232 ⁊ ꝯmant il se contandra

3767 3931 1431 211 ensin cest cele porpansee

3760 4094 1397 205 ⁊ qant uĩt a la matinee

3754 4258 1335 211 Li ch̾rs. se fist armer

3767 4415 1213 204 ⁊ dit que il ira tuer

3754 4605 1335 198 .iii. ch̾rs. co menacoient

3767 4748 1472 225 ⁊ qui sõ mal li porchacoiẽt

3756 4937 1603 222 Gaitant lo uõt de ml̾t se plaĩt

3754 5082 1362 239 A dame li dit q̃ il maĩt

3742 5309 1508 200 De sergenz armez .iii. o .iiii.

3767 5471 1417 218 Si porra plus seur ꝯbatre

3747 5648 1465 218 Dame ie ni manrai nelui

3720 5845 1439 209 ꝑ moi lor moure tel enui
