948 1566
162 89 211 43 ors ueissiez cheuens tirer

126 145 230 30 ⁊ lun desouz lautre cheir

162 122 215 38 tisons uoler dras deschirer

133 171 233 32 li marcheant corent ueir

133 194 236 35 ceus qͥ orent rouge testee

134 221 216 32 q̃ mlt̾ i ot dure meslee

133 247 239 31 ⁊ se si mistrent de tel gent

130 269 233 31 qͥ ne son ꝑtirent pas gent

131 291 234 26 ⁊ eusi entra a robe uaire

132 310 235 31 q ͥ la trest rouge ⁊ a refaire

131 331 299 33 boiuin sen uĩt droit au prouost

130 356 236 29 Se li a conte mot a mot

130 376 253 34 de chief en chief la uerite

132 400 205 30 ⁊ li prouos la escoute

131 427 207 26 qͥ ml̾t ama la lecherie

131 443 240 36 Souent li fist ꝯter sa uie

131 474 221 27 a ses parens a ses amis

132 490 217 32 qͥ ml̾t sen st̾ ioue ⁊ ris

132 515 285 31 boiuin remest .iii. iors entiers

133 538 227 29 se li dona de ses deniers

134 561 249 22 li prouos .x .ẜ. a boiuins

132 579 253 29 qͥ cest fablel fist a prouins

134 617 245 35 Explicit le fablel de boiuin

207 642 219 52 De plaine bourse de sens

169 684 236 31 ehans li galois nous raconte

168 711 224 32 qͥl ot en la terre le conte

170 736 224 32 de neuers .i. riche borgois

172 761 217 27 qͥ mlt̾ ert sages ⁊ cortois

170 782 236 28 li borgois estoit marcheanz

170 805 233 31 ⁊ de foires ml̾t bien cheanz

170 836 223 27 Sages estoit ⁊ bien apris

161 854 250 31 ⁊ auoit fame de haut pris

143 877 229 32 la plus bele q̃ on seust

141 901 224 31 ou pais ne q̃ len peust

140 921 263 37 trouer. tãt seust len cerch̾

141 946 282 37 la dame ot mlt̾ son seignor ch̾

141 971 231 29 ⁊ il li. mes q̃ tant i ot

137 996 248 33 q̃ li borgois une amie ot

138 1018 231 33 qͥ lama ⁊ uesti de robes

141 1045 240 31 ⁊ cele le seruoit de lobes

140 1070 258 30 qͥ ml̾t bĩe le sauoit decoiure

141 1094 260 36 la dame seu prist a ꝑcoiure

140 1118 201 36 qͥ li uit aler ⁊ uenir

141 1148 209 32 ne se pot mie detenir

141 1171 236 35 q̃ le ne die a son seignor

141 1198 272 34 Sire a ml̾t grande deshonor

141 1222 230 34 Usez uostre uie lez moi

142 1249 229 35 ⁊ il li dist dame por qoi

415 39 68 53 .xxii.

498 80 279 47 Por qor. or uous en p̾nz garde

495 117 244 35 uꝰ maintenez une musarde

497 142 232 34 qͥ uous ocist ⁊ uous afole

499 164 217 36 ⁊ toz li mondes en ꝑole

498 190 201 31 q̃ toute la uile le set

500 214 238 36 ⁊ chasꝯs dist q̃ diex uꝰ het

501 240 222 30 ⁊ sa uertuz ⁊ ses pooirs

502 262 260 32 Ceslez dame nest mie uoirs

501 286 265 29 Genz st̾ coustumier de mesdire

502 308 255 31 lors sen ꝑt iriez ⁊ plaĩs dire

500 326 226 35 si sen ua ꝑmi le chastel

501 352 213 29 qͥ ml̾t seoit ⁊ bien ⁊ bel

503 376 234 36 Ie ne sai uile miex assise

503 397 181 35 Si est apelee dysise

504 421 222 29 ⁊ ꝑ desouz si coroit loire

504 445 242 30 li borgois deuoit a la foire

504 467 263 29 aler. a troies en borgoingne

506 492 277 27 la dame qͥ doutoit u̾goingne

506 512 209 28 le fist reuenir a lostel

506 532 199 30 assez li ꝯte dun ⁊ del

507 553 192 30 ⁊ le chastie de parole

504 575 227 31 mes il na cure de sescole

505 596 223 28 a poi len est ⁊ poi i pensse

506 617 250 27 la dame uoit q̃ sa deffensse

506 639 253 28 ne li puet nule riens ualoir

505 661 254 31 si a tout mis en non chaloir

505 687 254 28 tant q̃ ce uint a lendemain

505 711 247 30 q̃ li borgois leua bĩe main

506 733 235 33 son palefroi fist enseler

506 761 209 27 ⁊ ses charretes ateler

504 777 245 30 qͥ carchies furent dauoir

504 809 256 28 quãt les ot fetes esmouoir

505 829 249 34 si reuint ꝑler a sa fame

506 855 240 27 dites moi fet il bele dame

506 880 269 27 q̃ls ioiaus por uostre deport

507 899 241 33 uolez uous q̃ ie uꝰ aport

507 926 231 24 de la bone foire de troie

507 943 265 35 uolez uꝰ guimple ne corroie

510 969 282 34 toissus dor aniaus ou afiches

510 997 263 29 Ie ne serai ia .i. ior chiches

509 1022 257 29 de rien q̃ ie puisse trouer

508 1044 239 33 sire ie ne uꝰ uueil rouer

511 1071 247 33 fet cele qͥ le tient por fol

510 1095 258 31 foi q̃ doi . s̾. piere ⁊ .s̾. pol

510 1120 269 31 fors seul plaine borse de sen

508 1148 268 33 mes sil uꝰ plest aportez men

510 1177 242 27 p laine une borse de denier

509 1195 227 33 uolent̾s fet sire renier

507 1220 269 39 uꝰ laurez ꝯ bien qͥl me coust

511 1249 236 36 ce fu a la foire daoust
