997 1566
84 78 182 44 xix. ẜ. et. xxxix.

88 110 262 37 Itãt furent uendu mi buef

86 137 288 36 diex cor ne sai q̃ tout ce monte

85 165 251 29 Si meisse tout en .i. conte

84 187 225 32 I e ne le sauroie sõmer

85 208 261 29 q ͥ me deuroit tout assõmer

85 233 234 31 ne le sauroie ie des mois

82 254 234 33 Se nauoie feues ou pois

83 281 236 30 q̃ chasꝯs pois feist .i. sout

85 301 232 26 ainsi le sauroie ie tout

87 324 277 30 ⁊ neporquant me dist sirous

85 344 188 30 q̃ loi des bues .I. ẜ.

84 367 217 27 qui les ꝯda si les recut

82 388 249 32 mes ie ne sai sil men decut

83 417 251 21 ne sil men a neant emble

82 432 241 31 quentre .ii. sestiere de ble

83 453 253 35 ⁊ ma ium̃t ⁊ mes porciaus

82 477 260 36 ⁊ la laine de mes aigniaus

80 505 283 27 me rendirent tout autrestãt

79 525 216 26 .ii. foiz .i. ce sont .c.

82 542 301 39 ce dist uns gars qͥ fist mon ꝯte

77 565 269 36 .U. lĩu dist q̃ tout ce monte

82 591 249 31 or ne lerai por nule paine

82 616 272 23 q̃ ma borse q̃st toute plaine

83 635 280 31 ne soit uuidie en mon giron

83 656 235 26 ⁊ li houlier de la meson

80 677 299 33 dient ca uien mabile escoute

82 700 271 34 cil . d̾. st̾ nostre sanz doute

80 723 267 36 se tu mes ceenz ce uilain

82 749 261 34 Il ne st̾ mie a son oes sain

82 776 263 31 dist mabile lessiez le en pes

85 794 248 34 lessiez le ꝯder tout ades

84 817 267 39 lessiez le ꝯter tout en pes

80 843 273 32 qͥl ne me puet eschaper mes

84 868 240 34 toz les .d̾. ie les uous doi

83 889 252 35 les iex me creuez ie lotroi

79 912 256 38 Se il en est a dire uns seus

81 939 241 34 Mes autrem̃t ira li geus

79 963 239 34 q̃ le ne cuide ce me sãble

79 983 244 42 qͣr li uilains ꝯte ⁊ assãble

76 1011 221 39 .xii. d̾̾. sanz plus quil a

80 1034 242 38 tãt ua contant ⁊ ca ⁊ la

80 1056 256 45 qͥl dist or est .xx .ẜ .u. foiz

80 1083 258 46 d es ore mes est il bĩe droiz

80 1108 264 45 q̃ ie les gart ce sera sens

80 1137 276 42 mes dune chose me porpens

78 1162 256 40 sor eusse ma douce niece

79 1184 252 42 qͥ fu fille de ma suer tiece

80 1212 267 39 dame fust or de mon auoir

83 1235 221 54 el sen ala ꝑ fol sauoir

463 84 264 36 hors du pais en autre terre

461 111 256 29 ⁊ ie lai fete maint ior q̃rre

459 137 265 33 en maĩt pais ẽ mainte uile

458 161 239 30 ahi: douce niece mabile

458 184 273 36 tãt estiiez de bon lingnage

458 212 262 29 d õt uꝰ uint ore cel corage

458 232 278 30 or st̾ tuit troi mort mi enfãt

459 255 258 31 ⁊ ma fame dame siersant

459 281 302 28 Iames en mon cuer naurai ioie

457 304 272 29 deuant cele eure q̃ ie uoie

456 324 303 27 ma douce niece en aucun tans

458 343 304 32 lors me rendisse moines blans.

458 367 277 28 dame fust or de mon auoir

458 388 232 26 riche mari peust auoir

456 408 289 34 ainsi la plaĩt ainsi la pleu⟦e⟧re

457 432 267 25 ⁊ mabile saut en cele eure

457 453 271 35 lez lui sassist ⁊ dist preudõ

455 481 277 29 dont estes uꝰ ⁊ uostre non

455 501 284 32 Ie ai non fouch̾̾ de la brouce

452 523 286 32 mes uꝰ sãblez ma niece douce

456 545 245 31 plus q̃ nule fame qͥ fust

454 571 254 27 cele se pasme sor le fust

453 588 280 34 quãt se redrece si dist tant

454 616 233 24 or ai ie ce q̃ ie demant

454 633 232 27 pꝰ si lacole ⁊ si lembrace

454 655 278 30 ⁊ puis li bese bouche ⁊ face

452 675 265 32 q̃ ia nen sãble estre saoule

453 701 261 33 ⁊ celui qͥ ml̾t sot de boule

454 723 299 35 estraĩt les denz ⁊ puis souspire

452 749 271 32 bele niece ne uꝰ puis dire

451 777 278 29 la grant ioie q̃ iai au cuer

451 798 255 31 estes uꝰ fille de ma suer

451 822 223 28 oil sire de dame tiece

449 844 285 35 Ml̾t ai este por uꝰ grãt piece

452 870 295 31 fet li uilains sanz auoir aise

451 896 250 28 estroitem̃t lacole ⁊ baise

449 916 321 29 ainsi aus .ii. mainent grãt ioie

451 941 282 30 ⁊ .ii. houliers en mi la uoie

451 963 253 36 Issirent fors de la meson

451 989 280 33 Fonz li houlier icist preudõ

450 1020 275 28 est il or nez de uostre uile

447 1041 319 29 Uoir cest mon oncle dist mabile

448 1068 279 31 dont uꝰ auoie tant biẽ dit

446 1091 284 33 uers aus se retorne .i. petit

450 1117 302 30 ⁊ tret la langue ⁊ tuert la ioe

449 1141 254 33 ⁊ li houlier refont la moe

450 1172 311 29 est il dõc uostre oncle . oil uoir

448 1195 252 32 Grãt honor i poez auoir

451 1218 252 35 ⁊ il en uꝰ sanz nul redout

451 1247 294 37 ⁊ uꝰ preudom du tout en tout
