957 1566
133 87 225 40 a cui len fet si bele here

133 117 288 30 biaus fil ce est cordois ton frere

133 140 248 30 frere deable est ce gabois

133 167 247 31 reuient il ꝑtir autre fois

133 190 228 35 Il en porta .d̾. contans

131 210 257 35 mes il a troue le Aner tans

133 240 232 31 au uis li pert ⁊ a la cane

133 264 254 26 or na il pas mantel a pane

133 286 215 30 a m̃: a eu ce poez croire

134 305 236 32 poi a meng̾ ⁊ poi a boiure

133 328 221 26 or li face len robe nueue

136 346 260 35 por uallet qͥ si bĩe se prueue

135 368 266 38 Se doit leu ml̾t bien esforcier

135 394 234 28 ⁊ son cras ueel escorcier

135 414 272 32 bien ait qͥ tel uallez essauce

136 435 272 34 por moi qͥ uꝰ serf ⁊ deschauce

134 462 266 30 u uit ⁊ ior en lieu de uallet

134 484 240 31 ne tueriez pas .i. poulet

136 507 238 30 fols sui qͥ a uꝰ ne paras

135 531 251 30 Se lautrier me fusse ꝑtis

135 549 253 34 Si ꝯme il fist a tout le sien

134 571 226 30 au reuenir neusse rien

137 596 231 28 toz iors auez ame le pire

137 614 314 33 ha: biaus douz filz por dieu nel duc

137 638 264 32 Il sest en la fin bien prouez

137 659 228 31 ꝑ duz fu or est retrouez

136 680 287 34 si est mlt' grãt bone auenture

135 702 280 30 dame diex dist en lescripture

137 729 274 31 d un pecheor a greignor ioie

137 754 222 27 qͥ se recõnoist ⁊ auoie

137 776 182 33 q̃ des iustes .lxix.

137 797 266 37 si en deuons tuer .i. buef

137 824 226 28 de ioie qͥl est reuenus

138 844 271 38 chantons de deu̾ laudamus

140 890 195 34 Explicit de cordois

271 913 219 51 C̾. de Boiuin de ꝓuins

281 958 159 39 l̾t bons lechierres

281 987 113 32 fu boi uins

283 1015 118 28 porpenssa soi

284 1040 123 30 q̃ a prouuins

286 1063 106 31 a la foire

287 1090 114 31 uoudra aler

287 1115 82 28 ⁊ si fera

284 1141 123 31 de lui parler

142 1164 226 28 ainsi le fet 9 la empris

139 1190 260 31 uestuz se fu dun burel gris

140 1218 268 31 Cote ⁊ sorcot ⁊ chape ensãble

140 1239 265 37 qͥ tout fu dun si ꝯ moi sable

413 30 55 41 xxi

500 84 200 39 ⁊ si ot coiffe de borras

497 112 239 36 Ses sollers ne st̾ mie a las

497 136 247 35 ainz st̾ de uache dur ⁊ fort

500 160 226 33 ⁊ cil qͥ ml̾t de barat sot

496 183 264 37 .i. mois ⁊ plus estoit remese

498 207 225 36 Sa barbe q̃le ne fu rese

499 234 259 36 .I. aguillon prist ẽ sa main

502 256 272 34 por ce q̃ miex sãblast uilain

498 279 235 32 une borse grant acheta

497 302 192 32 .xii. d̾̾. dedenz mis a

503 321 261 35 q̃ il nauoit ne plus ne maĩs

503 342 267 32 ⁊ uĩt en la rue aus putains

503 360 293 38 tout droit deuãt lostel mabile

503 387 263 31 qͥ plus sauoit barat ⁊ guile

503 410 212 31 q̃ fame nule qui i fust

506 435 252 32 Iluec sassist desus .i. fust

505 457 221 31 q ͥ estoit delez sa meson

505 479 258 29 delez lui mist son aguillon

504 502 261 30 .i. poi torna son dos uers luis

507 524 247 34 huimes orrez q̃ il fist puis

508 546 234 29 ꝑ foi fet il ce est la uoire

510 568 251 27 puis q̃ ie sui hors de la foire

508 589 249 31 ⁊ en bon leu ⁊ loing de gẽt

506 616 250 23 deusse bĩe de mon argent

507 635 293 27 tout seul ꝑ moi sauoir la sõme

508 661 290 28 ainsi le font tuic li sage hõme

507 680 223 35 I oi de rouget .xxxix. ẜ.

503 702 188 33 .xii. d̾̾. en ot giraus

506 724 295 32 qͥ mes .ii. bues maida a uendre

506 750 270 32 a males forches pꝰst il pendre

509 776 274 32 por ce qͥl retint mes deniers

504 798 263 33 .xii. en retint li pautoniers

509 821 256 30 ⁊ se li ai ie fet maint bien

508 848 255 25 o est aini ce ne uaut rien

510 868 287 34 I l me uendra mes bues req̃rre

509 894 259 29 q uãt il uoudra arer sa t̾re

510 914 246 31 ⁊ il deura semer son orge

509 940 282 31 m al dehez ait toute ma gorge

508 964 252 31 s il a iames de moi nul preu

511 987 290 35 Ie li cuit ml̾t bĩe metre en leu

510 1017 232 30 honiz soit il ⁊ toute saire

510 1039 220 32 or ꝑlerai de mon afaire

510 1064 197 34 Ioi de sorin .xix. ẜ.

509 1088 260 30 de ceus ne fui ie mie faus

509 1117 268 32 qͣr mon ꝯpere dans gantiers

511 1143 303 31 n e men donast pas tant deniers

511 1167 255 30 9 iai eu de tout le mendre

513 1191 319 37 ꝑ or ce fet bon au marchie uendre

510 1219 276 32 Il uousist ia creance auoir

510 1245 242 33 ⁊ iai assãble mon auoir
