949 1566
128 87 295 40 font li houlier sõmes tuit uostre

131 118 225 35 ꝑ .s̾. piere le bon apostre

132 143 226 31 lostel aurez . s̾. iulien

133 164 215 35 Il na hõme iusqͣ gien

133 189 250 36 q̃ plus de uꝰ eussons chier

132 212 275 39 ꝑ les braz p̾nent dant fouch̾

129 239 269 37 si lont dedenz lor ostel mis

129 264 260 28 or dost ce dist mabile amis

132 288 217 31 achatez oes ⁊ chapons

131 309 267 30 dame font il uenez ca dons

133 324 293 41 Ia nauons nous goute dargẽt

130 350 265 31 Tesiez fet el mauuese gent

128 374 252 34 Metez houces metez sorcos

130 399 229 32 sor le uilain ert li escos

131 419 250 31 cis escos uꝰ sera bien saus

131 440 255 35 Sẽpres aurez plus de .c. ẜ.

131 462 240 31 q̃ uous iroie ie contant

132 482 278 35 li dui houlier demaintenãt

131 509 275 33 9 m̃t qͥl aient fet cheuance

127 531 298 31 .ii. cras chapons sanz demorance

131 555 246 29 Ont aporte auoec .ii. oes

133 574 286 27 ⁊ boi uin loi a fet les moes

131 597 268 32 en tãt ꝯme il se st̾ tornez

131 620 236 30 Mabile lor dist or soiez

135 642 282 33 preus ⁊ uistes dappareillier

132 664 242 32 qͥ donc ueist 9 li houlier

134 687 291 35 plum̃t chapons ⁊ plum̃t oies

135 711 254 31 ⁊ ysane fist toutes uoies

134 733 232 31 le feu . ⁊ ce q̃le ot afere

135 758 234 29 ⁊ mabile ne se pot tere

134 779 242 29 q̃ l ne ꝑlast a son uilain

134 801 289 31 biaus oncles st̾ ore tuit sain

134 823 292 34 uostre fame ⁊ mi dui neueu

136 845 277 36 Ie cuit qͥl st̾ ore mlt preu

135 870 252 34 ⁊ li uilains se li respont

136 895 286 34 bele niece tuit troi mort st

138 920 274 31 ꝑ pou de duel nai este mors

136 943 232 34 or serez u toz mes ꝯfors

139 967 278 26 en mon pais en nostre uile

138 990 249 29 ahi: lasse ce dist mabile

138 1013 253 32 bĩe deusse or uiue enrag̾

140 1039 264 34 lasse sil fust apres meng̾

140 1066 250 34 Il nalast pas si malemt̃

139 1090 302 33 lasse ie ui en mon dormant

140 1117 304 32 ceste auenture en ceste nuit

139 1141 291 36 dame li chapon st tout cuit

141 1166 247 32 ⁊ les .ii. oies en .i. haste

140 1191 263 35 c edist ysane qͥ les haste

139 1216 255 35 ma douce dame alez lauer

141 1238 245 41 ⁊ si lessiez uostre plorer

489 80 285 38 a donc font au uilain le lorgne

491 114 276 30 ⁊ li uilains qͥ nert pas borgne

489 140 239 30 qͥ le moq̃nt en la meson

491 160 259 32 f ont li houlier sire preudõ

491 185 266 35 n estes pas sages ce mest uis

491 208 291 34 lessons les mors p̾nons les uis

524 234 207 33 donc st̾ assis a la table

526 256 258 35 mes du meng̾ ne fu pas fable

491 283 236 31 a ssez en orent a plente

491 301 308 32 de bons uins norẽt pas chierte

491 323 305 31 assez en font au uilain boiure

494 345 270 35 por enyurer ⁊ por decoiure

491 369 309 32 mes il ne les crient ne ne doute

490 393 306 32 desouz sa chape sa main boute

493 416 300 31 ⁊ fet sãblant de trere argent

494 440 266 28 dist mabile qͣlez querant

496 462 298 31 b iaus douz oncles dites le moi

497 484 225 31 bele niece bĩe sai ⁊ uoi

496 506 293 32 q̃ mlt̾ uous couste cis meng̾s

498 532 217 30 Ie metrai ci .xii. d̾.

497 550 243 30 Mabile iure ⁊ li houlier

498 573 231 26 q̃ il ia ni metra denier

499 593 338 36 la table ostẽt quãt out mengie

500 616 233 27 ⁊ mabile a done congie

500 640 276 26 aus .ii. houliers daler la hors

499 660 234 34 Si uꝰ sera bons li essors

498 687 236 27 q̃ bien auez eu disner

499 711 246 31 or p̾ne garde du souper

500 730 268 32 li dui houlier sen st̾ torne

499 755 272 31 ap̾s aus st̾ li huis ferme

498 777 252 29 mabile prist a demander

500 802 303 27 biaus douz oncles ne me celer

498 824 250 32 Seustes pieca ꝯpaignie

499 845 253 33 a fame nel me celez mie

504 870 299 31 puis q̃ uostre fame fu morte

503 895 310 33 Il est ml̾t fols qͥ trop sorporte

502 917 265 28 talent de fame cest folie

502 939 249 32 autressi ꝯme de famie

502 963 327 35 niece il a bĩe .uii. anz toz plaĩs

502 987 312 32 tãt a il bien a tout le mains

502 1017 275 27 ne de ce nai ie nul talant

504 1039 293 31 tesiez oncles diex uꝰ auant

500 1063 309 36 Mes regardez ceste meschine

499 1089 296 37 a dõc bat .iii. forz sa poitrine

502 1119 300 29 oncles ie ai ml̾t fort pechie

503 1140 286 39 qͣ ses paren lai fort trechie

505 1169 306 32 por seul son pucelage auoir

505 1193 289 28 eusse ie ml̾t grant auoir

503 1216 344 33 mes uous laurez q̃ ie le uueil

504 1244 279 54 a ysane cluingne de lueil
