992 1566
83 87 212 44 q̃ la borse li soit copee

84 120 263 33 li uilains ot biẽ en penssee

82 148 242 26 de coper la auãt quisane

83 167 272 29 la borse prẽt ⁊ si la trenche

83 194 278 30 dans fouch̾ ⁊ puis si lestuie

81 222 275 25 ẽ son sain p̾s de sa char nue

81 241 287 32 la mist. ⁊ puis si sen retorne

78 268 254 32 U̾s ysane sa chiere torne

80 292 322 27 ⁊ sen uindrent li uns u̾s lautre

79 315 309 26 andui se uont couch̾ el piautre

79 336 248 30 y sane ua auant couch̾

79 356 262 32 ⁊ ml̾t pria a dant fouch̾

80 383 275 27 por dieu q̃ il ne la blecast

77 404 263 26 adonc couint q̃ il ostast

79 426 323 32 la coiffe au cul por fere lueure

77 448 283 33 de sa chemise la descueure

77 472 243 33 puis si ꝯmence a arecier

78 495 252 27 ⁊ cele la borse a cerchier

77 515 263 29 q̃ q̃le cerche ⁊ cil lestraint

78 537 263 31 de la pointe du uit la poĩt

78 557 279 32 el con li met iusqͣ la coille

76 581 245 34 dõt li bat le cul ⁊ rooille

75 605 272 35 tãt ce mest uis qͥl ot foutu

74 628 252 27 ses braies monte sa ueu

75 651 252 31 de sa borse les .ii. pendanz

76 670 265 34 hai las fet il chetiz dolanz

76 695 268 31 tãt ai hui fet male iornee

77 719 269 33 niece ma borse mest copee

78 738 270 31 ceste fame le ma trenchie

77 760 264 32 mabile lot sen fu ml̾t lie

75 782 260 39 qͥ bien cuide q̃ ce soit uoir

74 807 254 32 q̃ le couoitoit ml̾t lauoir

74 830 284 40 maintenat̃ a son huis desclos

76 856 267 36 dãt uilain fet ele alez hors

76 876 300 36 dõt me fetes ma borse rendre

77 901 302 39 Ie uꝰ baudrai la hart a pendre

77 926 264 36 alez tost hors de ma meson

76 951 269 38 aincois q̃ ie praĩgne .i. baston

76 971 256 40 Cele .i. tison prẽt a .ii. mains

74 993 232 43 adõc sen ua hors li uilains

73 1017 229 40 qͥ not cure dauoir des cops

73 1044 235 40 ap̃s lui fu tost li huis clos

73 1072 251 42 Tout entor lui chasꝯs assãble

74 1097 242 46 ⁊ il lor moustre atoz ensãble

72 1120 191 42 q̃ sa borse li ont copee

73 1146 185 37 ⁊ mabile la demandee

70 1170 198 41 a ysane. baille ca tost

72 1195 236 46 q̃ li uilains ua au prouost

73 1218 217 45 Foi q̃ ie doi .s̾. nicholas

71 1242 212 49 dist ysane ie ne lai pas

454 89 265 38 si lai ie mlt cerchie ⁊ quise

456 122 215 31 ꝑ .i. pdi q̃ ie ne te brise

456 145 280 32 pute orde uiex toutes les danz

455 173 249 32 en ne ui ie les .ii. pendanz

453 195 244 30 q̃ tu copas iel sai de uoir

455 221 244 30 cuides les tu ꝑ toi auoir

454 240 278 34 Se tu men fez plus dire mot

455 272 248 26 pute uielle baille ca tost

454 292 246 30 dame ꝯment uꝰ baillerai

454 314 215 29 dist ysane ce q̃ ie nai

454 332 276 32 ⁊ mabile aus cheueus li cort

453 354 253 30 qͥ nestoient mie trop coit

451 377 213 31 q̃ iusq̃ la terre labat

451 403 272 29 aus piez ⁊ aus poĩs la debat

450 426 245 31 q̃le le fet poirre ⁊ chier

451 447 266 33 ꝑ dieu pute ce na mestier

449 470 253 32 dame or lessiez ie les q̃rrai

447 492 252 33 tãt se puis q̃ les trouerai

448 516 244 32 se de ci me lessiez torner

447 540 244 27 ua fet ele sanz demorer

445 558 258 33 mes mabile lestrain reborse

448 584 240 27 q̃le cuide trouer la borse

447 604 277 29 dame or entẽt ce dist ysane

449 628 243 31 ꝑdre puisse ie cors ⁊ ame

447 650 238 32 Sonq̃s la borse soi ne ui

447 675 182 29 or me poez tuer ici

448 696 237 34 ꝑ dieu pute tu i morras

448 721 247 30 ꝑ les cheueus ⁊ ꝑ les dras

447 740 236 34 la tiree iusqua ses piez

446 762 212 34 ⁊ ele crie aidiez aidiez

445 783 325 39 quãt son houlier dehors lentent

446 812 266 27 cele part cort isnelement

445 834 306 36 luis fiert du pie sanz demorer

442 859 262 34 si qͥl le fet des gons uoler

440 883 248 33 mabile prist ꝑ la cheuece

441 908 245 34 s i qͥl la deront ꝑ destrece

442 932 245 29 tãt est la robe derõpue

441 952 270 34 q̃ dusqͣu cul en remest nue

442 981 263 29 puis la prise ꝑ les cheuols

440 999 291 38 du poĩg li done de granz cops

441 1027 241 30 ꝑmi le uis en mi les ioes

438 1050 236 36 si q̃ les st̾ perses ⁊ bloes

435 1077 257 35 mes ele aura ꝑ tens secors

436 1104 246 35 q̃ son ami iuient le cors

436 1131 240 33 q ͥ au crier la entendue

436 1157 305 32 tout maintenãt sanz atendue

437 1183 298 32 sentrep̃nent li dui glouton

437 1206 270 29 lors ueissiez ẽplir meson

436 1228 256 34 ⁊ de houliers ⁊ de putains

436 1254 279 40 chasꝯs i mist adonc les maĩs

866 61 46 85 68
