1023 1388
245 201 271 33 i desconfes mort en pechie .

208 247 308 36 N e ni auront espurgement

244 219 287 41 Ni metront ia sachiez le pie

204 266 314 43 a incois uendrõt trestuit soillie

209 293 275 40 E n la cort deu estre iugie

204 309 304 48 Qnͣt il tendra son parlemẽt

249 343 256 37 i usurier irendront conte

245 364 281 40 Et du chatel et de la mõte

213 393 293 36 a ꝑtement deuant la cort

215 414 298 37 N e demora ne roy ne conte

212 435 331 41 Q ui trop nẽ ait dolour et hõte

214 458 297 37 E t qui ne soit tenu biẽ cort

253 483 249 34 postoles ne cardinaus

252 500 301 44 chies et fontaine de toz maus

221 528 255 42 ꝑ orgoil et par seignorie

211 549 336 44 Qui riches sont dautrui chataꝰ

216 579 304 38 ꝑ autantiques et ꝑ se aus

215 600 236 43 E t ꝑ aperte symõnie

253 619 296 34 il de grant mõt. cil de cisteaꝰ

262 644 250 36 freres templiers. hospitaꝰ

218 669 301 33 E n cui charitez est perie

210 694 333 30 Q ui font au siecle leur aniaus

231 713 319 42 ꝑ leur faus iugemẽz desloiaus

226 735 328 39 F ont toz li monz se plaĩt ⁊ crie

256 761 276 32 aus medisanz et gangleors.

259 784 281 35 Bedeaus bailliz et tormeours

221 807 328 33 Qui tant de mal ont porchacie

218 830 257 32 h omicides. et traitours .

223 851 302 35 E t puis apres cil robeours

224 870 235 43 N i reseront pas oublie

255 894 270 37 esmoins ꝑiurez et houliers

256 919 265 33 foy menteeur ⁊ bordeliers

231 940 287 36 p lains de uice et de luxure

231 963 339 39 F aus changeeurs ⁊ fuus drapiers

227 988 298 34 I l reseront ou leur somiers

226 1010 337 37 T uit chargie de fausse mesure .

261 1037 263 31 i plaideour et li arbitre

260 1057 292 34 Q̾ui ont iure sus lec reliq̃s

226 1078 315 37 Q uil ne seront ou nul atort

232 1101 319 41 p reuoz de chastiaꝰ et de uilles

226 1125 303 47 Qi font de treches et de guiles

600 190 318 35 F aus Iugemẽz ⁊ faus recors

634 215 237 34 i papelart religieus

627 234 258 42 Qui sont gloutõ ⁊ enuieꝰ

603 266 271 32 ⁊ ont enuie dautrui bien

603 291 249 29 D esesꝑe et orgoilleus

607 309 287 39 p lus ẽsfrae et plus hideꝰ

602 336 288 34 Que ne fu onques nule riẽ

638 361 255 35 il qui ont uescu sobrem̃t

636 382 278 35 Sanz auoir lautrui malem̃t

605 408 269 36 E n loiaute ⁊ en amour

601 429 277 34 E t ont eu de poure gent

607 453 282 37 p itie et done largement

615 475 245 38 P or amor de nr̃e seignor

638 498 237 32 il en iront la uoie clere

636 521 276 34 au congie deu et a sa mere

601 545 316 40 En ꝑadis droit sanz doutãce

602 571 299 34 O u il auront ioie ⁊ lumiere

607 593 273 33 A uec ihesu crist nr̃e pere

603 607 330 44 Qui nos fist touz a sa semblance

639 639 255 32 ui nos enuoit humilite

638 664 247 33 pes et amor. et charite

597 685 285 35 ⁊ en la fin tel repentance

601 707 295 40 Q ue nous ueons la trinite

601 733 246 36 L a sus ou ciel en unite

601 754 312 37 O u il na point de desegance.

688 798 132 35 Explicit

634 820 282 35 De .iii.dames q̃ trouerẽt.

714 880 180 44 a paine metrai

708 917 147 28 ⁊mentente .

694 929 187 36 Tant com ie sui

708 959 174 31 en ma Iouente:

609 980 295 34 A cont̾ .i. fabliau par rime

610 1003 303 37 S anz colour et sanz leonine

612 1027 244 34 M es sil ia consonancie

641 1046 277 39 l ne mẽchaut qui mal endie

610 1071 315 39 C ar ne puet pas plaisir a touz

611 1095 293 40 Consonaicie sauz bons moz

610 1118 286 48 O r les oiez tex ꝯme il sont
