1024 1364
111 186 327 35 T rois dames aloient au m ont

112 208 247 36 Mes ie ne sai de quel pais

117 232 249 31 P uis oi cont̾ ce mest uis

107 255 278 34 Q̾ .ii. coiz ⁊ .i. uit m łt gͦs

108 278 286 34 T rouerẽt ou il not poĩt  dos

103 301 225 36 I cele qui aloit deuãt

111 324 264 36 L e prist. et muca maĩtenãt

104 350 276 34 Qrͣ bien sauoit que ce estoit

106 373 281 35 M es lautre qui aꝑres uenoit

107 399 285 30 D it que ele en auroit sa ꝑt

106 421 279 32 C ertes uꝰ lauez dit trop tart

105 438 269 37 F et lautre ia ꝑt ni aurez

105 466 274 28 c oment fet ele dis tu droit

107 484 268 35 N e dis ie tantost ꝑt iaie

106 509 269 32 ⁊ nos  somes en ceste uoie

104 534 283 34 C õpa ignes ⁊ bones amies

89 559 309 29 I l ne mẽ chaut q̃ que tu dies

92 581 299 32 I a p ni auras ne ꝑt ne p̃u

103 602 295 33 L  autre ne le tint mie a geu.

94 622 290 32 I ure son chief quele ẽ aura

111 647 260 31 Tat̃ cõ iugemet̃ le donra

121 669 264 34 Certes ce dit lautre iel gre

108 691 204 27 mes or soit ici acorde .

106 710 300 37 Qui enfera le Iugement

112 734 219 30 ꝑ foi fet ele ci deuant

101 748 260 40 a une maison de nonains

106 778 294 39 S aintes dames et chapelaĩs

101 800 256 39 Qi isont por seruir le iour

97 822 262 37 L abaesse por ceste honour

107 846 273 36 N en uoudroit ele auoir mẽti

97 868 264 36 ⁊ ie lotroi fet lautre einsi

101 890 305 38 T ant ont fet queles sõt uenues

98 911 289 39 c e mest uis a lentrer des rues

100 934 212 35 L a ou labeesse seoit

94 953 293 41 T ant ont ale et tort et droit

97 978 287 35 Q ueles sont en la cort entrees

94 1000 299 38 T ot maĩte nãt õt demãdees

88 1020 252 42 l es noueles de labaesse

95 1045 295 43 ⁊ len leur dit quele ot messe

94 1069 249 39 ⁊ sel uuelent a li parler

100 1098 262 40 Un poi les couient seiorner

475 190 304 38 E les dient quels atendront

475 214 245 33 a itant assises se sont

473 242 240 30 O u ꝑleoir lez .i. degre

472 262 274 34 M es m łt iont petit este.

475 284 283 35 Quil uirent uenir labaesse

475 307 223 37 ⁊ de lez li la prioresse

473 334 262 34 D e lautre ꝑt la celeriere

481 356 273 37 I cele qui estoit premiere

472 373 232 38 Se leua. et si la salue

473 406 264 31 D ame bien soiez uꝰ uenue

472 429 279 31 f et lautre ap̾s demaĩtenãt

470 448 240 32 a ssises se sont a itant

472 468 243 32 I cele qui aloit darr̃e

467 494 246 31 C onta la parole p̃miere

479 516 242 34 ⁊ dit dame de noz ⟦rͫ⟧aisons

473 542 244 31 En proieres ⁊ en oroisons

474 562 271 32 a lions moi et ma cõpaigne

471 585 304 35 m es droiz est que de li me plaĩgne

470 612 259 29 C ar ele a tel chose trouee

471 631 287 35 D ont ne ma pas ma ꝑt donee

469 652 228 34 ⁊ por ce si la li demant

471 676 247 32 ꝑ foy fet labaesse auant

476 697 257 31 I ert lauoir mis ⁊ le u̾ron

469 718 231 36 ⁊ en apres en Iugerõ

466 744 256 33 ꝑ foi fet soi lautre iel gre

471 764 257 35 C ele qui ot le uit troue

470 787 306 37 L e prist. et mist hors de sõ sain

467 813 287 35 s el mist deuant une nonaĩ

469 835 290 39 Qui m łt lesgarda de bõ ooil

469 858 244 33 d e labaesse dire uueil

466 880 257 33 Qi mout lesgarda uolent̾s

465 899 311 40 T rois souspirs fist lons et ent̾s

466 922 266 34 ⁊ dit apres or oi biau plait

464 945 267 32 Q̾ uolez que ci uos soit fait

466 969 310 35 I ugement de ce qui est nostre

465 990 303 33 c ertes dame il nert ia uostre

464 1012 290 36 C e sachiez na cele quel porte

463 1033 269 40 c est le toraill de nr̃e porte

462 1057 293 35 Qͥ lautre iour fu a dire

464 1078 304 39 I e comant quil soit bñ garde

461 1097 309 46 C ome nr̃e chose demaine

828 121 55 43 147

823 160 46 38 150
