866 1210
517 102 277 31 Sa troue une masserote

515 125 297 30 Qui ert plus grosse q̃ .i. pois

517 149 283 30 A soi la sache de manois

517 171 276 32 A tout le poil a li la tire

519 195 296 30 A sõ seignor cõmence a dire

516 220 280 30 Sire fet ele or gaigeroie

520 242 259 32 A uos se gag̾ mi osoie

515 265 318 34 Qua .iii. moz ne deuineroiz

517 290 316 32 Que ie tien ci entre mes dois.

516 316 281 30 ⁊ gi met denree de uin

519 335 296 32 Fet li uilaĩs ꝑ saĩt martin

560 359 269 31 insi fu faite la fermaille

554 383 277 29 ⁊ cele la crote li baille

520 404 298 33 Li uilains la p̾nt et si taste

516 427 304 35 ꝑ foi fet il ie cuit cest paste

519 451 310 35 Por ce quele est .i. petit mole

515 477 308 31 ꝑ mõ chief cest fausse ꝑole

515 497 307 28 Fet dame m łt hautemẽt

524 520 294 24 Uꝰ mentez au cõmencement

517 537 302 35 Or nauez que .ii. moz adire

518 560 307 36 ꝑ le tuer de ie cuit cest cire

516 586 308 31 Que ou que soit auez trouee

525 608 301 28 ꝑ foi cest menconge prouee

519 629 301 34 fet cele qui le tient por sot

517 656 266 30 Or nauez a dire qun mot

516 676 258 30 ⁊ cil en sagole dedenz

519 689 341 49 la masche et mete entre ses dẽz

519 723 277 32 Que paor a que il ne ꝑde

517 742 301 38 ꝑ le sanc de fet il cest m̾de

522 766 306 37 Or mẽ puis biẽ aꝑceuoir

524 788 303 37 ꝑ mõ chief uꝰ auez dit uoir

524 810 315 43 C e est merde de tot a estrous

525 833 284 40 Iames ne gaigerai a uos

517 860 287 32 Deable uꝰ ont fait deuin

519 879 288 41 ie uos doi denree de uin.

517 901 298 37 e le reconte sanz gabois

516 924 301 35 ⁜ Qi fanime chaca du bois

512 949 273 37 ⁊ ala querre sa pasture

515 972 277 39 Lez .i. mesnil ꝑ auenture

514 993 301 39 Troua .i. fouc do espeissant

506 1018 309 50 Cele ꝑt uint le col bessant

132 107 313 28 Beneoit de dame deu soient

130 122 325 37 q ͥ leur fames males chastoiẽt

129 149 286 31 honi soient cil et si erent

133 168 337 37 Cil qui trop leur fames dãgierẽt

134 195 315 32 Les bones dames honoraient

131 215 328 38 Qͥ leur seignors a honour traiẽt

127 240 317 35 ⁊ il ostroit duel et contraire

133 266 324 43 a sorgueilleuses de putaire.

213 330 144 41 Explicit.

143 380 318 36 Li fabliaus de la merde

190 424 267 39 cui que il soit lait ne bel

192 454 261 35 Cõmenc̾ uꝰ uoil .i. fablel

125 478 306 32 por ce quil mest conte et dit

132 500 292 31 Que li fablel cort et petit

131 519 336 32 Anuient mains que li trop lonc

130 539 332 37 Or escoutez ci apres dont

127 564 305 34 Que il auint a un uilain

133 588 312 31 Sor .i. coissin tot plaĩ destraĩ

131 609 302 32 se degratoit delez son feu

130 633 300 30 Et sa fame fu en son leu

126 656 330 31 De lautre ꝑt seur une nate

132 678 310 29 Et li uilains qui se degrate

134 699 319 35 Empoĩgne sa coille ⁊ son uit

133 725 287 29 sa fame apele que il uit

127 748 295 31 Dame foi que uꝰ me deuez

129 770 269 31 Or deuinez se uos sauez

130 791 348 41 Quest te que ie tieng ẽ mõ poĩg

133 821 269 29 ⁊ cele qui ne fu pas loing

129 837 330 40 li respont qͥ nest pas coarde

133 863 320 34 Li maleoiz feus le uoz arde

135 885 330 37 Ie cuit que ce soit ur̃e andoille

135 909 325 37 ꝑ mõ chief aĩcois est ma coille

131 929 337 35 Fet li uilains qui gist souine

128 955 333 31 Uꝰ ni estes pas bone deuine

130 979 318 32 Et la dame tout coiement

131 1001 338 32 Taste a son cul isnelemẽt

127 1025 356 42 S emblant fet quele se desfrote

489 1092 232 60 ⁜Le loup et l'oie
