1024 1364
101 178 326 47 a in li sone durenut̃ cõtinire

100 214 297 33 C e fet la char nr̃e anemie

99 239 318 33 Q ui onq̃s ne fist bone enuaie

97 262 323 33 N e riens qui a den deust plaire

131 285 276 30 e chaitis mondes soffraitoꝰ

131 306 267 29 ⁊ deceuanz et̾ angoissens

97 329 307 35 p lains de sosfrete et de pechie

94 353 294 37 M onte couel et orgueillens

96 377 298 34 N os ne uiur̃os quñ or ou .ii.

99 400 302 33 a. ar nas isomes esloithie

127 426 297 30 ist mondes nos est cpãplaixe

128 445 291 33 Q̾ nos drũos no cũ hetraire

93 466 280 34 B auier li ex de metre isure

95 490 268 33 C ar il ia trop a refaire

96 514 315 32 E e nus ne puet demor̃ gaire

95 536 315 35 Q nait paine et male auẽgte

125 561 281 32 u mõde atat̃ de mauugitie

122 585 265 27 N̾ui a dem aĩ est peshaitie

95 603 314 30 L i plus sains a gnͣt maladie

91 625 343 33 O u mort ou pris ou mehaignie

94 647 295 35 E t ꝑt quanauil a gaigmẽ

94 672 266 30 N un coup en toute sã uie

122 689 296 36 ortune fet maĩt home riche

124 719 282 31 ⁊met si haut et si lenfiche

91 738 275 33 Q uil ne prise nule gent

95 760 270 33 qͥ es en poi̾ dore li reffiche

98 785 295 31 ⁊ uire .i. toux et li resfiche

95 806 261 31 En pourete et anoieut .

120 829 301 34 ex est sains qui demiaĩ morra

125 853 255 32 Sex ret et ioue qͥ plorra

95 870 297 37 S anz recourir ⁊ saz tõ fort

98 894 271 35 T ex ua aual qui retorrã

94 916 286 35 g ex se uante qui ne porr

96 938 313 32 Tout acom plir̾ deualt̾ la mort

122 965 316 32 ist mõdes nest q̃ trufe ⁊ fable

128 988 284 30 Il ni ariens qui soit estable

96 1006 303 34 C olz iors se change et remue

97 1026 311 40 q tis lantre siecle est delitable

97 1052 275 36 O u ql̃t la ioie pardurable

98 1076 309 34 O. us ue se change nie ne mue.

126 1101 273 38 iu biẽ penserdit en sa uie

478 175 298 50 a ne porroit auoir enuie

473 218 300 35 B estre orgueilleᷤ ne bobanc̾

473 241 271 37 O i pense biẽ si tumelie

473 265 285 30 ⁊ tu uerras nẽ doute mie

472 292 308 30 Qr ue tu te doi petit prisier.

509 310 315 35 ue uaut orgoil q̃ u̾aut richois

507 333 318 39 Qr̃ uaut bobanz q̃ uaut hnois

469 359 299 29 Qi a noient doit reuertir

475 381 320 35 N e demorra ne conte ne pois

472 406 292 26 C hr̃ ne ciers ne borgois

470 428 322 29 Q ue tot ne ꝯuiegne porrir

505 450 278 28 as tant ia t̾e cel̾confort

507 475 304 30 Que mis ne set deq̃le mort

469 493 335 32 Q uant ne com̃t il doit fenir

480 518 294 28 a nus ni auia qui emport

472 539 314 37 N e blou ne bife nestanfort

469 565 305 33 F ors qun suaire a lenfoir .

486 586 310 33 a uiuers .cert le droit hitage

465 628 327 32 D e toute humaine treature

501 610 334 31 Sera biau cort et biau m̾sage

469 651 298 31 I a nus ns aur a auantage

466 674 320 33 Tant ait este de haut ꝑage

466 697 283 35 Que ne deuiegne porreture

466 722 304 32 Fertes fox est a demesure

491 744 340 34 Cors qui nest que fies ⁊ ordure

468 765 286 30 ⁊ formez de si uilz matiere

467 789 281 30 Q ui ꝑ orgoil se desfigure

465 810 295 31 ⁊ sot quil est en auenture

459 831 332 35 d estre demaĩ mis on la biere

482 854 318 33 i a por la mort ne serõt quite

500 875 293 36 ainz couient q̃ lame sesõte

464 900 293 30 E n porquatoire tot ancois

463 922 328 31 O i tant a paine ⁊ male luite

464 942 325 34 Q ue ne porroit estre descrite

463 964 305 36 N e en latin ne en fraucois

497 988 267 32 il aui auront tonfession

501 1015 267 28 Et de tres gnint deuotiõ

463 1031 308 30 ff in et loiau repentement

461 1054 283 34 C il receurant por gatiõ

461 1079 271 34 N us nauistta remition.

458 1098 296 47 S il ne lachate durement.

828 121 58 35 I6

825 156 31 39 14
