2864 4321
225 266 989 130 Il chou est molt tres bon afaire

199 367 936 89 Atant li mauniers se repaire

194 432 934 93 Mais anchois ot dit a sa feme

194 499 833 96 Que le pẽse de sa parente

194 561 931 89 Ales a dui chou dist la dame

201 628 927 89 Pis naura con se fust mame

192 700 869 80 Atant sen ua cele demeure

192 758 1027 98 Del cuer souspire ⁊ des iex pleure

194 828 876 84 ⁊ dist la dame kaues uous

187 885 898 92 Dites le moi tout par amors

192 953 854 96 Nous auons or este si aisse

194 1017 845 96 ⁊ or nous metes en malaisse

187 1082 938 96 Qui uꝰ a riens meffait ne dit

184 1149 922 82 Dame fait ele se diex mait

201 1214 874 99 Ie me loc molt de ur̃e ostel

189 1281 1040 96 mais mes cuers est molt destorbes

158 1346 689 94 Se ie losoie descourir

201 1416 963 96 Jen sui forment en grant desir

180 1485 893 80 Doil. fait la dame errãment

180 1553 816 84 Dites le moi hardiement

201 1617 845 92 Ia ne sera si grans anuis

189 1680 766 86 Ne uꝰ en oste se ie puis

180 1740 873 106 Dist la pucele grant m̾chi

201 1812 898 89 Iel uous dirai sans cõtredit

184 1877 1030 98 Hui main uinc p᷑ // a aleus //maure

177 1939 862 101 ⁊ uo barons si me dist leus

165 2006 941 94 Que ne porroie maure a pieche

162 2077 911 101 Iluec me detͥa grant pieche

165 2135 973 104 Lautre gent molut errãmẽt

192 2203 854 99 Le molin clot deliurement

175 2280 931 91 Car mouses li ot ensaigniet

180 2345 1008 93 Quil ot molt poi diaue el uiuier

168 2410 897 81 Tant iluec seoir mi fissent

168 2474 1020 101 Que nuis me pͥst ⁊ uiepͤs uirẽt

170 2542 838 93 Chi mamena p᷑ herbegier

165 2614 987 98 Car uaura dales moi chouchier

170 2679 725 100 Se ihesus ⁊ uꝰ ne maie

168 2743 948 99 Or uous taisie ma douce amie

177 2801 788 94 Fait la dame ki fu senee

168 2880 763 84 Uꝰ enseres bien destornee

158 2928 991 106 Car uous gires ens en mõ lit

158 3003 888 86 En ma cambre tout en serit

163 3060 756 103 ⁊ iou girai chi en cestui

148 3132 937 84 Se mes maris iuient en cui

146 3187 936 108 Quil ueulle gesir aueuc uous

144 3252 885 106 Trouer mi pora a estrous

156 3312 806 108 ⁊ soufferai chou ki uaura

165 3375 680 105 la damoisele sescria

160 3435 855 125 Dame fait ele grant m̾chi

156 3504 881 125 bien aues dit se diex mait

1138 129 515 187 DVII.

1469 300 979 117 Il ert merit se duis plait bien

1445 374 974 106 Dist la dame chou croi iou bien

1445 432 1013 112 Cest bien ⁊ autres tout ensanble

1442 501 973 103 Atãt sen entrent en la cambre

1452 564 696 103 U la pucele se coucha

1442 633 694 91 ⁊ la dame le retorna

1438 696 864 100 Aluis sen uint si lentroui

1440 763 881 98 Puis est uenu droit au lit

1430 832 855 97 Qui fais estoit les le fouier

1438 895 828 108 U la pucele dut chouchier

1428 965 881 100 Ele si chouce plus narieste

1438 1029 993 108 Saingna son cors saigna sa tieste

1428 1092 967 108 A diu se rent ⁊ au saint piere

1423 1159 994 106 Quil li doinst bone nuit entiere

1433 1231 763 74 Si fara il mien ensient

1423 1293 915 87 Se lauenture ne nous ment

1428 1368 1054 84 Car ses maris mauniers qui ert

1447 1423 922 84 Il ⁊ mouses sont repariet

1438 1490 979 82 Par mi la rue uont tout droit

1430 1550 937 84 Del molin uiẽnent ambedoit

1430 1617 869 94 Por iesir auuec la meschine

1430 1685 836 96 Reuint iakes ki le desire

1418 1752 829 94 MouSes lẽ na mis a raison

1413 1819 829 89 Sire dist il p᷑ saint simon

1411 1889 924 79 Car faites .i. markiet ami

1416 1954 910 93 Certes iai un porchiel nouri

1428 2018 852 94 Il a passe .u. mois entiers

1409 2088 895 86 Celui aures mlt̾ uolentiers

1413 2150 862 99 For ke doi diu. sainte marie

1401 2215 819 94 se iesir puis ole meschine

1397 2285 804 93 Oil fait iakes entresait

1399 2350 960 93 Se guerpir uoles sanᷤ nul plait

1413 2412 776 91 le porcelet ke nouri as

1394 2484 908 82 Gesir te ferai entre ses bras

1401 2549 879 94 Oil fait il par del marchies

1411 2619 816 96 Le uꝰ guerpisse uolentiers

1394 2686 944 93 O r matent dont a cest perron

1411 2753 730 91 Ie mẽ irai a no maison

1380 2820 737 94 Se choucerai ola pucele

1382 2880 862 94 Qui tant est gentiex ⁊ biele

1385 2945 871 86 Chou dist mouses adiu ales

1387 3007 869 101 Qant uous poes si reuenes

1387 3075 946 79 ⁊ iakes li mauniers sen torne

1375 3135 924 84 Dusca la maison ne destorne

1392 3197 900 91 Il a troue lius entrouet

1380 3267 936 93 Tout souef la ariere ouuert

1375 3334 968 98 Ens est entres puis le referme

1375 3394 903 101 Mais ml̾t se doute de sa feme

1373 3466 924 91 Quil cuide ken sa cambre gisse

1375 3543 898 165 Mais ie cuic la meschine igisse

2557 187 144 237 507
