2848 4288
183 269 884 131 Ke miex uauroit ele sentir

166 354 832 103 Que de uo fẽme nul delit

162 416 910 103 Sachies ie men irai clamer

162 488 800 95 Tost a oisi uaurai aler

157 550 853 88 Moules en ua droit a oisi

152 614 806 93 Si en est clame au bailli

157 678 786 93 ⁊ li baillius les aiorna

159 745 899 93 Atant mouses sen retorna

159 807 937 91 Qant li t̾mes ⁊ li iors uint

162 864 1065 110 Que li baillius les siens plais tint

178 945 1018 84 Li mauniers i uint ⁊ mouses

176 1005 901 100 Por cõquerre le porchelet

171 1074 770 86 Mouses a sa raison cõtee

188 1133 851 89 Li eskienuin lont escontee

171 1200 961 88 Que uous feroie iou lonc conte

162 1267 824 81 Toute leur raison racõte

164 1334 846 85 Ensi cõ iakemes li cous

178 1403 906 83 Li ot falit de tout en tout

164 1472 841 81 Car o la pucele deuc iesir

147 1531 827 96 ⁊ o sa feme ma fait iesir

157 1596 1017 100 Quil ne prent mie en paiement

152 1665 1027 95 Ains ueut que iakes li ament

152 1729 872 91 Car deut iesir o la pucele

147 1791 987 95 Qui tant est auenans ⁊ biele

157 1858 836 85 Se li esquieuĩ li otrient

150 1929 1020 91 Cõmunaumẽt ensanble dient

150 1991 970 98 Que il li tiegne ses markies

166 2060 992 98 Li mauniers est leues en pies

159 2127 946 95 Signor fait entendes nous

176 2189 917 97 Ie sui wihos ⁊ si sui cous

173 2263 963 85 Ie doi bien cuites aler ꝑtãt

152 2322 1046 86 Car sachies il manuie formẽt

150 2389 1017 95 Chou que il auint a ma feme

154 2453 1025 98 Car ses porchiaus ne matalẽte

171 2520 925 93 Li baillius a grant ris eut

169 2582 827 95 Puis sil lor a ramĩetent

166 2651 894 95 Uoles de chou oir le droit

142 2713 997 98 Qil dist mouses par ma foit

164 2780 1006 100 ⁊ uous mauniers fait li baliu

157 2853 855 89 Uoire bien de ꝑ dame diu

162 2906 950 102 Que il me doinst cuites aler

176 2973 898 97 Li baillius prist a cõiurer

171 3032 980 100 Les eskieuins por uoir dire

145 3099 932 93 Si ferons nous a no pooir

157 3163 1001 95 Sire font il molt uolentiers

157 3235 944 90 Atant se predent a cõsillier

152 3289 779 98 A ce consel en sont ale

164 3347 1056 111 Plus tost kil peurent sont retorne

154 3418 877 100 Sire sont il entende nous

159 3482 934 119 ꝑ iugement nous uꝰ disons

1111 121 293 175 .DIX.

1420 188 932 188 Ke uous mouset fait rauoir

1413 359 1010 100 Son porchelet car chou est drois

1418 424 736 85 ⁊ cõmandes a iakemon

1403 478 1006 98 Quil li renge tout sans renchon

1410 547 799 91 U la meschine li ramaint

1420 609 934 103 Por faire son bon ⁊ son plain

1422 681 803 93 Li baillius li a cõmande

1420 745 689 93 ⁊ iakes li a deliure

1418 812 965 95 Le porchelet tout errãment

1410 883 1047 91 ⁊ li baillius maĩtenant prent

1406 948 731 88 ꝑ le loien le porchelet

1415 1014 865 84 ⁊ puis si adit a mouset

1391 1067 1032 97 Amis or ne uꝰ en correchies

1420 1145 870 74 Ie uꝰ renderai en deniers

1403 1188 746 112 .xxx.ẜ. por le porchelet

1387 1264 1008 91 Mãgies sera a grant reuiel

1377 1331 1027 105 Del bons cõpaingnõs del pais

1406 1405 984 95 Jakes sen part tous esbahis

1387 1481 1020 86 Qui demeure chous ⁊ wihos

1379 1538 1056 93 Cho fu droit que le honte en ot

1387 1598 1089 95 Car raisons ensaigne ⁊ droiture

1379 1665 1063 97 Que nus ne puet metre sa cure

1379 1736 820 86 En mal faire ni en dire

1377 1803 1061 83 Tous iors ne len soit siens li pire

1389 1858 815 95 ⁊ ausi fist il le maunier

1375 1929 896 88 Qui en demoura cunquiet

1377 1996 1092 97 Mais ne me chaut chou fu raisons

1389 2063 922 88 ⁊ li baillius a tout semons

1382 2129 926 86 Les escuiers ⁊ les puceles

1394 2182 898 102 Les ch̾rs les dames bieles

1384 2258 918 93 Si afait mangier le porciel

1382 2325 815 83 A grant ioie ⁊ areuiel

1379 2382 918 109 Engerrans li clers ki doisi

1384 2463 696 85 A este ⁊ nes ⁊ nori

1375 2520 865 100 Ne uaut ke tele auẽture

1394 2591 822 98 Fust ne perie ne perdue

1375 2660 901 91 Si le nous a mis en escrit

1387 2718 853 95 ⁊ uous anõce bien ⁊ dist

1389 2775 932 105 Cõq̃s ne uous prẽge talens

1379 2846 894 93 De faire honte a bone gens

1379 2906 956 93 Qui sen garde il fait ke sages

1394 2977 994 88 ⁊ dius le nous meche en corage

1379 3030 882 100 A faire bien le mal laissier

1391 3089 1063 110 Chi faut li ronmans del maunier

1403 3158 842 103 Li lais de lespine q̃res de sours

1565 3213 875 117 ui des lais tiegne a mẽcoigne

1565 3287 858 98 Sacies ie nes tienc pas assonge

1365 3323 764 114 De de fleurs de amours

1572 3406 787 110 Etãt uꝰ di ion sa̾s fausser

1575 3482 777 138 En uerite le puis conter

2554 176 165 119 1
