2279 3382
176 302 722 122 Cele li coure ala poistrine

172 394 666 90 ⁊̃ sa face li esgratine

174 465 651 76 ⁊ li dist ch̾rs fallis

171 522 707 94 La de moi narez uo delis

167 589 711 81 Tant ꝯuiue la ur̃e amie

161 650 719 92 En uos na loiautez demie

165 708 713 94 Uos ne deuez bñ dire lose

167 766 707 102 Moi req̃rir de tele chose

167 837 709 93 Uos y auez uo sairement

220 905 725 92 t cilz li respõdit briement

150 963 775 102 Qui fu souprins de ses paroles

150 1031 758 92 Deceuens. attraians. ⁊ moles

148 1095 790 94 Ou mourir testeut maĩtenẽt

146 1161 760 88 Ou faire mõ 9mendement

201 1223 737 101 iex ain mourir se morir doi

146 1294 756 96 Ꝙ por uos face tel desroi

142 1365 769 94 ꝯtre ceax acui suiz dõnee

142 1427 766 93 Qui mõt de lor amor donee

146 1499 799 94 Ja nou ferar ꝯm̃t qͥl praĩgne

141 1550 755 109 Uos le diriez a ma ꝯpaĩgne

135 1623 682 94 Ainsis au chr̃ argue

120 1692 780 94 Dont la prãt ⁊ enlit larue

129 1758 741 102 ⁊ en uot faire son plaisir

180 1826 651 103 E ce uos pouez bñ taisir

114 1890 713 99 Ꝙ ia a ce ne me mẽrois

118 1954 684 92 Ꝙ uo talent de moi facois

122 2012 771 114 fait cele  ce nest en tel guise

116 2085 713 98 Ꝙ̾ ma ꝯpẽigne soit occise

122 2145 663 100 Quẽ li na poĩt de loiaute

120 2203 709 111 Ne ie ne pris rĩes sa bonte

120 2271 731 109 Tant la cele formt̃ despite

125 2344 657 107 Par les paroles q ł a dite

124 2416 590 99 Ꝙr li chr̃s. li otroie

163 2485 660 105 r faites dõc q̃ ie le uoie

125 2545 666 107 Li ch̾s.ua cele querre

122 2613 654 132 De q̾niax la rue at̾re

1178 323 811 129 Et cele chiex morte pasmee

1175 417 744 84 ꝯ cele qui fu acouree

1194 484 808 89 andemai si ꝯpaĩgnõ uĩdrẽt

1167 546 803 92 ⁊ lor ꝑlem̃t alui tindrent

1163 610 809 96 Or lor soĩgnans alee estoit

1160 674 863 85 Cilz lor respont qͥl ne sauoit

1162 729 900 95 Tant la quistrẽt. et tãt alerẽt

1160 792 853 96 Q uã fossez morte la trouerẽt

1162 856 784 94 Dõt li demãdent. loccoison

1162 924 782 99 P̃ coi mourust ꝑ tel raison

1190 992 748 90 i ch̾rs. ꝯte lor a

1156 1054 713 90 ꝯm̃t la fame largua

1148 1116 777 99 a faire einsis loccision

1147 1179 787 94 Le fait ⁊la narracion

1148 1245 768 98 Lor a conte ce est la sõme

1203 1320 645 94 i ch̾r. furẽt prodõme

1133 1388 845 92 Lor 9paĩgnõ pas ne cuerent

1131 1452 914 96 Adõc la fame entrax. hucherent

1133 1514 978 103 Pour quauoit fait tel murtre faire

1128 1578 778 103 ⁊ sa 9pẽigne aĩsis deffaire

1180 1644 762 99 Ele respont iel uous dirai

1122 1711 754 107 Ꝙ ia dũ mot nẽ mentirai

1118 1783 886 99 Dou deul q̃ de ma 9peĩgne auoie

1111 1854 801 92 Pour ce 9li faisoit plus ioie

1100 1916 814 96 Ꝙ moi. si cõ il me sambloit

1105 1989 812 87 Et de uos miex ãmee estoit

1100 2046 806 99 Pour soupecõ de ialousie

1101 2115 783 88 ꝑ hayne traicte denuie

1103 2181 830 96 Pour ce la haioie si forment

1171 2243 846 96 uil ne me chaut de quel tormẽt

1094 2305 869 98 Des or mais mourir me faciez

1039 2369 869 103 Mais se respitier me uouliez

1075 2444 811 107 Se q̃ nõs .ii. faire souliens

1101 2517 847 100 Feroie. ia nen faudroit riens

1154 2585 686 96 i ch̾r. lont respitie

1092 2658 773 105 Ꝙ ne fu pas amort iugie

1791 157 231 122 ⟦131⟧ 77
