2264 3370
162 310 617 114 Li mariez dõt dit uꝰ ai

170 389 741 95 Qui seut auoir le cuer si gai

172 456 685 103 Il ꝑla qnͣt tuit orẽt dit

161 522 632 93 Ꝙ dõne len fu le respit

219 591 528 101 õnez li fame ie uꝰ pri

155 653 659 92 Soit aussis 9 ie suis hõni

159 715 782 101 Ꝙ miex nou pouerez uꝰ occirre

166 780 757 86 Ne son cors liurer a mͣrtire

162 851 667 90 Ne ne li pouez faire pis

157 909 730 94 Questre en si male pͥson mis

149 981 774 89 Dõt iamais niert lie en sa uie

155 1044 708 94 Einsis li toldrez uos la uie

159 1104 767 92 Qnͣt cil loient chascũs sen rit

161 1173 726 94 Neis la fame aussis si lor dit

211 1241 592 84 ignor tenez uꝰ en alui

151 1308 708 86 Ꝙ nũs net miex hõnis delui

149 1372 733 93 Tuit tinrẽt bõ cest iugem̃t

161 1443 749 84 Fame li liurent maĩtenent

149 1505 734 84 Mais ne la pas .i. mois tenue

146 1567 715 88 Ꝙ sa piax que si iert uelue

153 1632 706 92 Li est ꝑ tout aussis plumee

147 1703 551 88 9 cele li fust deciree

144 1772 528 83 Q̾ tele uie li mena

146 1840 597 80 Q̾ li louz si en arraga

142 1904 796 86 T nt quil lẽ esꝯuint mourir

146 1969 618 82 ⁊ de cest siecle defenir

144 2031 769 92 Einsis furẽt du loup uengie

140 2098 635 88 dou 9soil au fol marie

198 2162 654 84 ar cest cõte ueil chastier

136 2227 689 90 Les uenteors. fox mariez

131 2295 799 88 Quautrefois ne se uẽtent pas

127 2360 790 107 Et q̃ arguex nes abassent pas

125 2437 809 92 Dune seule fame aient cure

132 2505 753 91 Car a .c. hõmes ꝑ mesure

134 2576 768 84 Liureroit une fame estat

131 2639 737 96 ⁊ lor diroit en laingle mat

1200 217 824 106 Une seule femme qui

1217 305 833 105 servoit cent chevaliers

1219 432 795 97 N un chastel sor mer estoient

1226 512 777 96 cent chr̃ qui la mãnoient

1174 586 715 86 pour aus ⁊ le pais desfendre

1170 638 811 95 par q̃ nũs ne les pouist prẽdre

1161 703 842 92 Chascũ ior assaut lor liuroient

1164 765 759 90 Sarrazin. qui deu ‸ᷠ ͤcreoient

1164 821 791 107 ꝑ acort furent treues mises

1162 893 676 103 Entre les ꝑties et prises

1162 962 761 95 Tant q̃ chasꝯns alõc seiour

1168 1029 788 92 Retorna. et fist son labour

1226 1089 715 109 I chastiax estoit biax ⁊ gens

1205 1164 740 90 Mais assis estoit lõig de gens

1131 1218 816 115 .ii. fames entrax touz auoiẽt

1147 1293 806 105 Qui p᷑ aus buer les seruoient

1155 1370 736 97 Assez estiẽt debel atour

1151 1435 839 88 Qui plus plus. qͥ miex a sontour

1147 1497 712 83 Deles faisient lor uolente

1144 1559 681 77 Chascũs. ⁊ atele plente

1144 1628 651 83 ⁊ sa et la. ce est la sõme

1142 1694 803 92 ꝯ fame puet miex seruir hõme

1200 1765 730 88 insis furẽt ꝑ ml̾t lõc temps

1134 1831 802 93 Tãt quẽtraus orẽt .i. contens

1140 1898 751 92 por les fames ce met auis

1131 1963 771 88 Car chasꝯns daus. a son deuis

1127 2025 807 88 Les uouloit auoir a son tour

1127 2087 887 94 Sens faire as autres nul retour

1190 2158 720 90 nͣt les fames sorẽt la noise

1125 2227 655 87 n ya cele ne sen enuoise

1123 2293 811 92 Car chasꝯne en cuide bñ faire

1127 2360 818 101 Qon preu ꝑli. et touz attraire

1117 2443 852 86 Chas9ne en ot au cuer gnͣt ioie

1110 2508 775 81 Dame furẽt 9 rat en moie

1176 2570 743 101 i plus sage se porpẽcerent

1110 2643 740 118 ⁊ ainsis le ꝯtens osterent

1812 175 223 92 ⟦130⟧ 76
