2324 3486
313 340 775 113 M lt̾ se pena daux bñ seruir

331 418 821 95 par q̃ lor gre puit desseruir

311 474 845 116 Tant fist qͣussi bñ les seruoit

325 551 765 111 ꝯ lors que deuz en y auoit

325 619 736 101 N e ne se uõt aparceuant

327 685 796 91 De desfaut nul. ne q̃ deuant

313 745 773 91 Einsis fu ꝑ ceste auẽture

331 809 761 95 Deliuree de mort obscure

327 879 654 97 Des ch̾rs fu si priuee

327 948 722 103 Ꝙ ses seruises lor agree

333 1014 819 91 Onc ne recrut de lor amor

346 1076 874 95 Ne tost ne tart ne nuit ne ior

342 1142 821 95 Ains lor liuroit assez estor

344 1200 816 120 Car chasꝯns lauoit a son tor

519 1477 774 105 du chevalier qui faisoit

642 1547 539 95 Ies cons et culz

402 1677 765 116 E fables fait on les fabliax

420 1762 753 103 Et de notes les chans nouiax

313 1834 765 100 ⁊ de matiere les chancons

377 1897 815 101 ⁊ de drap chauces ⁊ chaucons

375 1965 850 109 Ce bacheler dont ie uos conte

379 2031 812 107 Sil fust fix de roi ou de conte

377 2101 705 104 S y estoit il assez puissans

391 2169 741 96 Prox et hardis et cõbatans

389 2234 751 111 y lauoit meruillouz eur

385 2304 699 99 De ce soiez tous asseur

369 2366 812 107 Ꝙ il faisoit les cons parler

385 2434 786 110 Qnͣt il les uouloit appeler

397 2500 792 122 Nes le cul qui est en lapel

395 2589 739 99 Li respondoit a son apel.

398 2664 609 103 y cel eur li fu dõnez

397 2722 790 124 Au tiers an quil fu adoubez

1543 3180 662 288 dou tornoi qͣ la haie iert

1419 321 688 103 i uous dirai 9mẽt sauint

1413 404 730 89 Li cheualiers poures deuint

1355 462 781 99 Il nauoit ne uignes ne terres

1355 530 771 97 Enz tornoiemens et ens g̾res

1367 600 800 97 I ert trestoute sen atondance

1363 664 732 91 Il sauoit bñ ferir de lance

1367 728 674 79 Hardis estoit et cõbatans

1361 786 780 97 Enz gͣns bosoĩgnes ambatans

1361 857 763 84 Mais li tornoi sont deffendu

1351 916 754 94 Tout a mẽgie et despandu

1375 987 652 91 Li chr̃s en cest t̾mine

1375 1043 772 111 Ne li remaĩt mãtel dermine

1378 1113 760 105 Ne sercot ne chape fourree

1382 1187 769 93 Ne dautre auoir une danree

1375 1253 817 100 Q̾ tout nait beu ⁊ mis en gage

1376 1318 775 113 De ce nel tiẽg ge pas a sage

1380 1400 727 95 Qnͣt son h̾noes a engagie

1386 1460 721 99 ⁊ trestout beu et mengie

1382 1514 756 112 Un chastel iert seiornans

1450 1576 775 114 Qui ml̾t fu chiers ⁊ despãdans

1388 1651 734 111 Ainsis ꝯme seroit prouins

1392 1727 809 97 Souuant il beuoit de bõs uins

1402 1795 817 106 Par tout sont g̾res desfendues

1413 1868 713 95 Ne nules nã sont esmeues

1419 1940 666 97 Illuec fu lõc tẽs aseiour

1392 1992 751 109 Tant q̃ il auint a un iour

1419 2066 682 106 9 cria un tornoiement

1423 2124 662 114 ꝑ le pais cõmunement

1421 2184 788 109 Ꝙ tuit allassent seus essoĩgne

1425 2254 778 112 Droit a la haye en touraine

1431 2316 749 120 La deuoit estre fort et fier

1427 2387 711 119 De ce fu liez le cheualier

1429 2461 714 126 Qnͣt il entandi la nouele

1444 2538 688 121 Huet son escuier appele

1438 2616 649 97 ⁊ li raconte la nouele

1442 2672 707 128 Qui li fu auenãs et bele
