2814 4214
410 264 705 136 Ele lapiele par son non

426 379 832 84 He. iaques fait ele de sanson

421 430 773 89 Par cele foi ke moi deues

414 493 799 106 Moles mõ ble si me hastes

414 557 886 91 Que ie men puisse repairier

424 627 883 98 Atorner mestuer a mangier

417 690 789 94 P᷑ mõ pere ki est a chans

428 751 839 96 Iakes li adit maintenans

417 821 799 101 Ma douce amie or uꝰ sees

424 891 770 94 .i. petit si uous reposes

440 945 923 92 Il a molt ble chi deuãt uous

419 1009 989 91 Que doiuent maure deuẽt uous

424 1076 970 99 Mais uꝰ morree qant iou porrai

426 1144 754 94 ⁊ si nẽ soies en esmai

419 1196 958 112 Car se il puet ⁊ uespres uiẽt

440 1268 783 101 Ie uꝰ ostelerai molt bien

426 1336 719 99 A ma maison a paluiel

417 1388 998 107 Sachies ka ma feme en ert biel

421 1463 989 103 Car iou dirai kestes ma nieche

419 1528 986 103 Mouses ot ia moulut grãt pieche

447 1596 818 96 Les gens furent ia ostele

431 1662 733 93 ⁊ a leur uilles retorne

431 1718 888 96 Mouses uoit bien ⁊aꝑcoit

426 1788 989 98 Tout cho ke ses maistres pẽsoit

435 1856 706 96 Andoi orẽt une pẽsee

445 1919 831 99 P᷑ deceuoir marien destree

454 1982 895 101 Iesir cuident entre ses bras

445 2050 789 82 Mais il ne naront ia solas

424 2116 845 96 Ains en sera iakes decheus

417 2172 958 112 Tristͤs. dolẽs correchies ⁊ mus

440 2252 897 96 Mouses a son maistre apiele

435 2315 745 91 Sire dist il or entendes

456 2369 926 105 Il a molt por diaue el uiuier

456 2434 989 101 Il uous couient euure laissier

445 2507 942 96 Nos molins ne puet morre tor

445 2565 785 101 Or nia il mil autre tor

459 2629 937 98 Fait li mauniers clot le molin

456 2693 836 102 Li solaus traioit a declin

453 2770 881 84 La damoisiele ert plaĩne dire

454 2825 919 99 Pleure des iex de cuer soupire

459 2888 735 101 Lasse fait ele que ferai

435 2949 907 88 Or uoi iou bien ke gi morrai

431 3015 925 93 Se ie mẽ uois en cui ꝑ nuit

459 3078 871 87 Iou isterai dou sens ie cuic

442 3134 888 96 Mouses la prises a conforter

447 3202 764 89 Biele fait il or mẽtẽdes

440 3263 841 77 Uꝰ iries auuec mõ maistre

431 3324 1005 101 Il uꝰ en poraĩ grans biẽ naistre

428 3396 867 75 Uoire fait iakes entressait

431 3464 984 110 Mais meuture naura ui mais

1623 269 855 124 Elle ne ses peres ne sa gent

1640 362 843 94 ꝑ le main maĩtenãt le prẽt

1649 423 736 87 Leues sus biele sen alons

1635 489 750 79 A paluiel en mes maisons

1647 552 745 77 La seres uꝰ //ostelee //biẽ

1637 622 881 89 Uous mãgeres a la uespree

1642 690 848 77 Pain ⁊ tarte car ⁊ poisson

1637 742 781 91 ⁊ buueres uin affuison

1628 812 876 89 Mais gardes ke sace ma feme

1628 880 867 91 Que soies el ke ma parente

1633 941 895 91 Car de ors ma cambre gires

1633 1013 871 82 Douce amie se uous uoles

1640 1065 824 93 ⁊ iou girai a ma moillier

1633 1128 855 94 A aleus mestuet repairier.

1642 1191 846 105 P᷑ mõ molin batre ⁊ leuer

1637 1257 858 91 Adont me uaurai retorner

1637 1327 813 91 ⁊ choucerai le uous amie

1628 1388 867 103 Cele sestut molt esbahie

1628 1453 970 99 Qui dou maunier nauoit talẽt

1628 1524 935 96 Ens en son cuer bõ ꝯsel prent

1635 1584 942 89 Dist se diex plaist nauẽra mie

1630 1648 937 89 Tout .iii. en uienẽt a la uile

1640 1711 885 103 De paluiel chies le maunier

1644 1781 923 101 Or sont uenu au herbegier

1661 1847 864 86 Li mauniers a piͤla sa fame

1640 1908 869 84 Se li dist dame que uꝰ sanble

1635 1971 947 100 Que mãgerons nous au souper

1628 2041 867 96 Sire chou dist la dame asses

1642 2109 797 89 Qui est ceste mechine ichi

1644 2170 818 100 Ma cousine est sachies de fi

1656 2240 895 94 Faites li fieste ⁊ grãt honor

1658 2305 872 87 Uolentiers la dame respont

1658 2366 865 92 Bien soies uous uenue amie

1651 2437 788 86 Dame fait ele dius beneie

1649 2490 968 108 De mangier nestuet tenir plait

1647 2563 960 101 De chou ke proiesse auoit fait

1661 2631 878 87 Pain ⁊ uin .car. tarte ⁊ poison

1647 2699 878 82 Orent asses a grant fuisson

1644 2757 783 82 Qant orent mãgie ⁊ beu

1658 2821 769 86 Li lis fu fais dales le fu

1654 2884 839 86 U la meschine dut couchier

1656 2940 914 94 Kieute mole linchex molt chier

1654 3013 820 88 ⁊ couertoir chaut ⁊ forre

1663 3080 794 87 Li mauniers en a apiele

1649 3132 813 101 Sa fame kil ot espoussee

1644 3202 884 91 Dame fait il si uous agree

1656 3265 844 89 Uolentiers iroiẽ au molin

1665 3326 835 99 Il le mestuet batre matin

1672 3389 771 82 Il ia molt ble eus essas

1663 3460 930 192 La dame dist se diex me gart
