2821 4268
374 194 935 204 Au lit en uint les le fouier

384 358 823 83 Dales sa feme tost choucier

408 410 968 104 Il cuide que che soit la meschine

393 483 643 83 Si la acolee ⁊ baisie

377 545 856 104 .U. fois li fist le giu damors

389 607 1044 99 Ains ne se mut niẽt plꝰ cuns hors

410 673 830 97 Il iert ia pries de mienuit

405 739 1004 93 Li mauniers cͥent ml̾t ⁊ nanuit

386 806 895 95 Qui latent seant a la piere

396 872 961 83 Ses demoures forment li grieue

391 934 871 87 A la dame a dit ie men uois

396 1002 754 95 Mais ke nen aies irois

398 1069 842 90 Car il est plus de mienuit

410 1133 809 95 Je reuenrai encore anuit

391 1192 773 93 Qant uꝰ poes si reuenes

405 1261 769 85 ⁊ dist la dame a dui ales

408 1320 854 97 Jakes en est dou lit partis

396 1391 927 100 Si sest rechauciers ⁊ uiestis

384 1460 930 95 Gieut cuide auoir ola pucele

393 1524 833 83 On lia cangiet le merielle

391 1593 840 92 a mouset en est retornes

393 1655 959 97 Qui dehors luis est akeutes

405 1723 911 90 Uien cha amis errant iesir

422 1787 828 93 Je wel le porcel deseruir

393 1849 814 90 .U. fois a fait bien hastes

408 1915 756 90 Or il para quel le feres

403 1979 875 95 Che dist mouses q̃ dirai iou

400 2048 900 81 Qant en uẽras en la maison

412 2110 677 99 ⁊ cil a dit au lit ales

405 2169 935 102 Se uous choucies dale son les

412 2243 930 97 Ne dites mot mais taisies uꝰ

443 2307 852 102 Ja nel sara par nul de uous

441 2371 795 90 Faites de li uos uolentes

429 2451 894 81 Atant en est mouses tornes

443 2506 880 104 ⁊ uint au lit si se despoulle

436 2579 871 95 Maitenãt o la dame chouce

438 2646 973 92 .U. fois li fist en molt poi deure

443 2707 985 102 A tãt mousses plus ni demoure

448 2778 873 93 Cõgier apris si se uiesti

462 2845 842 83 La dame croit sacies de fi

455 2918 942 79 Que ce ne soit fors ses barons

465 2978 858 85 ⁊ cil reuint a iakemon

453 3035 892 87 Se li a dit iai fait .u. fois

460 3096 733 93 Dont a ele eu despois

460 3165 889 90 Chou adit iakes li wihos

474 3227 940 99 Ii porchiax esciet en mõ los

465 3293 913 92 Uoire fait mouses en nõ de

460 3352 1003 105 Or uenes prenc qant uꝰ uoles

484 3419 868 102 Le porcelet ki estoit mien

484 3492 858 123 Uꝰ len menres par le loien

1620 246 856 135 Atant sen doit diluec parti

1625 353 927 97 Qant li iours fu biẽ esclarchi

1644 417 740 85 La damoisele sest leuee

1634 483 816 88 Si sest uiestue ⁊ atornee

1622 540 921 102 A la dame cõgiet  ͣ demandet

1629 618 776 83 ⁊ li merchie de son hostel

1622 675 833 95 Ele li dist ma douce amie

1634 744 812 85 Perdue aues bone nuitie

1632 810 939 91 Car mes maris .x. fois ennuit

1629 874 942 93 Mẽ na done par grant deduit

1634 936 864 85 Por uꝰ la fait ne len sai gre

1622 1012 900 71 Ou lit uꝰ cuida auoir troue

1620 1062 982 90 Gret mẽ sachies fait la mescine

1620 1128 911 88 Atant plus narieste ne fine

1615 1195 914 94 a hestrees tout droit sen ua

1627 1263 887 88 ⁊ li mauniers tost repaira

1629 1327 774 95 Si amaĩne le porchelet

1627 1394 890 95 ꝑ dales lui sen uint mouses

1632 1462 830 86 Qui le porciel li ot uendu

1637 1534 911 66 Bien le cuidoit auoir perdu

1618 1588 913 93 Qant la dame percut les a

1634 1652 930 93 Sachies ke pas nes bienuina

1644 1721 972 97 Le sien marit trestout auant

1625 1787 892 90 Tost li adit ribaut puant

1599 1866 802 80 .xiiii. ans ai o uous estet

1620 1908 1053 97 Ains ne uous poc mais tel mener

1618 1975 821 102 Ne tant acoler ne basier

1606 2046 849 97 Seruir agre ne solacier

1629 2110 715 80 Que ia iffusse enuaie

1632 2174 894 88 .ii. fois en une mut entiere

1646 2245 1004 83 Por la mescine euc uoir ennuit

1646 2302 1006 92 .x. fois u plus par grant deduit

1644 2366 842 97 Cele ma fait ceste bontet

1644 2432 880 86 Cui uꝰ cuidastes recourer

1646 2496 868 88 En mõ lit le cochai en nõ de

1648 2563 840 90 Or aues uons cangie le de

1648 2627 952 95 Qant iakemars lot ⁊ entent

1646 2693 954 102 Quil est wihos certaĩnemẽt

1641 2750 930 109 Sacies ke point ne la bielist

1658 2823 906 91 ⁊ mouses tout errãt li dist

1644 2890 859 97 Sire mõ porciel me rẽdes

1660 2954 890 97 Car tort ⁊ apechiet laues

1660 3020 897 105 Quesse diable dist iakemars

1663 3075 913 107 Tu as ennuit entre les bras

1663 3136 982 107 De ma feme iut ⁊ fait tõ biel

1667 3208 923 94 ⁊ ti uiex rauoir tõ porchiel

1648 3262 983 109 Saces que tu nẽ rauras mie

1632 3324 1013 123 Si araĩ fait mouses biax sire

1667 3397 895 112 Car ie duc gire o la pucele

1672 3454 968 145 Qui estoit grasse tenre ⁊ biele
