2850 4321
175 283 943 117 Qant tu deuant moi fern las

175 374 905 79 Tu ies kens en maluais las

175 427 1083 96 Car ml̾t as fait grant mesproisõ

165 494 908 91 Garder te ferai ma prison

180 559 864 89 Sire quens fait il entẽdes

187 628 761 94 ⁊ .i. petit si mescoutes

172 688 970 104 Grains qant iou chains entrai

177 760 805 87 Ur̃e Senescal en contrai

165 820 965 101 Qui molt est auers ⁊ escars

180 888 960 84 Ses uilains mos ⁊ les escars

172 953 867 96 Me dist asses ⁊ rẽprosna

184 1022 735 91 ⁊ une buffe me dona

172 1082 930 91 ⁊ puis si me dist par abet

160 1145 982 96 Que iou sessise sor cest bufet

163 1212 955 101 Car il dist quil le me prestoit

160 1279 973 94 ⁊ puis amangier ma portoit

184 1346 831 94 i on mãga ⁊ buc aplente

153 1416 968 93 Tant cõ iou uauc la m̾chi de

163 1483 910 94 ⁊ qant io enc buc ⁊ mãgie

160 1550 838 82 Sire ꝯmens ke fesisse sie

160 1617 855 80 Se son buffet ne li rendisse

170 1675 994 101 Ie croi ml̾t bien ke iou perdisse

136 1742 884 106 Tost ipeusse auoir damage

144 1807 958 111 Rendu li ai par tiemoignage

144 1877 958 98 Si que uous bien ueu laues

146 1942 922 81 Sire quens ains ke uꝰ laues

153 2004 929 98 Faite ingier se iai mespris

160 2069 956 101 par choi ne soie chaiens pris

148 2141 891 91 Car bien li ai rendu ie cuic

144 2206 1046 84 sest drois li senescaus ma cuit

144 2270 1018 101 Qant li renc chou ki ma preste

151 2340 814 84 ⁊ ues me ci tout apreste

144 2402 1056 82 Dune autre buffe rendre encore

144 2470 878 86 Se cele ne si et ki ent ore

144 2534 840 89 Qant li quens si en a ris

163 2604 833 89 Il ent a non sire hanris

151 2667 847 93 Adont fu grande la risee

141 2734 812 93 Que apreche ne fu finee

134 2796 972 94 Chou dist li quens il ta rendu

144 2861 958 86 Molt grant buffe car lai ueu

141 2921 1035 96 Ton buffet ⁊ con choc dou tien

153 2988 891 84 ⁊ puis a dit au uilain tien

144 3053 886 91 Ma renbe ki nest pas usee

139 3111 819 93 Tu as fait la milor risee

148 3168 1011 108 Que nus des autres menestreus

160 3243 934 88 Li menestrel dient entreus

160 3307 843 106 ꝑ for sire uous dites uoir

175 3363 881 101 Sacies il le doit bien auoir

165 3430 1004 91 Amis mais si bon uilain ne ui

163 3488 838 206 Bien a le senescal serui

1062 144 397 158 DVII

1426 295 814 122 Rendu li a sa cuuertise

1438 374 910 110 Por cho est fox ki mal atisse

1421 439 883 105 Ne qui an mal faire labore

1421 501 987 115 Chou ke sire done siers plente

1421 568 1023 108 On dist ce sont larmes perdues

1431 648 991 96 Il sont unes gens esperdues

1411 698 975 110 Qui a mil bien ne se regardent

1406 763 1076 120 Que chou ki lont agarder gardẽt

1418 832 983 111 Si est roit ke mil bien en font

1404 897 1088 116 Car li biens entre leur maĩs fõt

1418 967 860 103 Por cho est la ricoise maise

1414 1041 1035 106 Dont crestiens ne puet auoir aise

1414 1097 746 98 ⁊ dont sires nest honores

1409 1166 857 99 Disons tout diex sort aoures

1402 1217 809 115 Dou seneseal qui batus fu

1399 1289 857 98 Ars ⁊ bruis sort en un fu

1397 1358 843 103 Qui le bien afaire destorne

1411 1421 929 108 Li uilains de la cort sen torne

1392 1490 970 99 Qui le renbe au signor emporte

1397 1553 850 105 ⁊ qant il fu hors de la porte

1370 1617 1002 104 Si fu molt lies baut ⁊ ioiant

1361 1685 1040 103 Son chemim akieut maĩtenãt

1392 1747 828 99 Si dist a soi ki siet il seke

1392 1812 771 96 ⁊ si dist on ki ua il leke

1385 1889 922 93 Sa mon ostel fuisse arrestus

1399 1949 939 101 Iou ne fuisse apieche uiestus

1380 2011 884 101 De renbe descarlate nueue

1382 2086 1083 98 On dist . ki bien . chace. bien trueue

1385 2150 979 96 Ehi de fine dou uilaĩ au buffet

1476 2208 687 113 Ou maunier de aleus

1630 2278 734 96 Ui se melle de biax dis dire

1635 2333 787 115 Ne doit cõmẽchier amesdire

1627 2407 771 103 Mais de biax dis dire ⁊ ꝯter

1635 2484 744 86 De sor uꝰ uaurai raconcer

1632 2549 696 89 Une auenture ke ie sai

1387 2610 857 87 Car plus celer ne le uaurai

1375 2671 809 96 A palluiel le bon trespas

1385 2736 876 91 .i. maunier iot iakemars

1385 2801 891 79 Cointes estoit ⁊ enuoisies

1382 2859 862 84 A alens estoit il mauniers

1380 2921 819 91 Le ble moloit il ⁊ mouses

1370 2971 906 99 Qui desus lui estoit uarles

1394 3051 838 79 .i. iour estoient au molin

1375 3106 925 89 En un demierkes au matin

1382 3173 908 86 De maintes uiles iot gens

1380 3233 932 74 Qui au molin moloient souẽt

1404 3293 814 94 Il iot molt ble ⁊ asnees

1390 3355 876 84 Maroie fille gerart destrees

1404 3408 891 99 Uint au molin atout son ble

1428 3464 740 232 Le maunier en a apiele

2421 154 241 216 506
